<?xml version="1.0" encoding="UTF-8"?><collection xmlns="http://www.loc.gov/MARC21/slim"><record><leader>00470nam--2200157-i-4500</leader><controlfield tag="001">000027483</controlfield><controlfield tag="002">20161230</controlfield><controlfield tag="005">20170127193803</controlfield><controlfield tag="008">060222s1000------------r-----000-0-eng-d</controlfield><datafield ind1=" " ind2=" " tag="100"><subfield code="a">Kortum, Gustav</subfield></datafield><datafield ind1=" " ind2=" " tag="245"><subfield code="a">Kolorimetrie und spektralphotometrie. Eine anleitung zur ausfuhrung..</subfield></datafield><datafield ind1=" " ind2=" " tag="260"><subfield code="a">Berlin</subfield><subfield code="b">Springer-Verlag</subfield><subfield code="c">1942</subfield></datafield><datafield ind1=" " ind2=" " tag="300"><subfield code="a">VI + 209p. + 1 F</subfield></datafield><datafield ind1=" " ind2=" " tag="490"><subfield code="a">Anleitungen Fur Die Chemische Laboratoriums-paxis</subfield></datafield><datafield ind1=" " ind2=" " tag="852"><subfield code="a">1170</subfield></datafield><datafield ind1=" " ind2=" " tag="CAT"><subfield code="a">SYS</subfield><subfield code="c">20170127</subfield><subfield code="h">193803</subfield></datafield></record></collection>